1950 3501
157 169 212 216 111
265 171 268 175 ,
331 146 677 215 rnnennnrnr'u
703 157 763 211 Vr.

132 325 133 328 ’
156 334 199 391 17.
221 306 422 388 ἀντιβάλλετε)
456 310 655 387 οἱντιβοίλλεται
690 334 758 373 cnm
786 314 879 375 Knitt.
912 336 937 374 a.

69 408 97 414 ”
213 414 287 473 adde
306 413 406 476 Lamb.
426 418 483 489 ast)
890 427 936 480 18.

168 579 938 596 *ww—aq

180 675 203 730 ‘)
217 674 254 718 Ne
267 675 320 732 quis
334 675 432 718 miretur
444 674 508 717 hunc
526 676 627 730 codicem
640 678 742 725 Vindob.
757 678 840 722 Lamb.
853 692 874 726 2.
888 695 938 722 non

206 749 254 790 nisi
275 749 323 789 hoo
346 750 419 805 capite
442 765 454 790 a
474 764 511 790 me
530 766 576 792 esse
594 763 708 795 notatum·
736 754 798 796 Nam
811 754 851 795 hic
864 754 939 795 codex

207 820 342 878 splendidus
365 820 473 877 quidem,
496 822 535 863 sed
557 825 677 866 nonsatis
703 838 804 867 accurate
823 827 937 882 scriptus,

206 893 273 936 foliis
287 893 314 936 26
327 904 416 935 tautum
431 905 550 947 constans,
570 896 664 939 exhibet
677 896 743 939 foliis
757 905 784 954 24
794 898 877 955 primis
893 900 937 941 Ge·

204 985 287 1015 neseos
304 968 419 1014 versionis
438 984 528 1030 graecae
546 985 599 1014 cum
616 972 715 1030 picturis
729 973 856 1034 fragmenta
869 986 936 1028 octo,

207 1060 231 1091 et
249 1045 315 1090 foliis
331 1057 359 1100 25
373 1059 396 1089 et
408 1046 435 1091 26
449 1046 530 1105 capitis
543 1047 614 1104 liujus
628 1048 705 1092 Lucae
720 1050 780 1096 duo:
794 1051 898 1109 primum
911 1068 937 1097 v.

208 1134 304 1182 15—21.
321 1112 400 1173 novem
418 1115 514 1165 erelieva
532 1119 639 1178 -r'gr'rnr
656 1120 744 1177 ταύτην,
768 1138 790 1167 et
812 1126 938 1168 secundum

207 1211 231 1241 v,
244 1202 342 1253 39-49.
357 1195 441 1246 nisena
464 1189 536 1253 edgaro
550 1193 588 1237 nal
602 1192 651 1239 o’se'oe
666 1196 703 1238 οὐκ
715 1194 760 1252 ’ἔχει
772 1223 800 1232 -
814 1199 862 1254 ripale
881 1199 937 1255 (sic)

206 1266 230 1313 di
242 1286 280 1312 nos.
294 1270 337 1311 Est
350 1270 475 1315 Wetstenii
489 1283 512 1315 et
526 1271 670 1316 Griesbacbii
684 1272 758 1315 codex
765 1274 797 1317 N.
811 1274 854 1331 qui
866 1290 939 1316 unam

207 1346 259 1400 ejus
277 1343 402 1386 lectionem
419 1346 545 1388 variantem
565 1362 588 1390 v.
604 1353 630 1399 18
644 1348 672 1403 (ἐν
689 1349 821 1404 omissum)
845 1363 938 1406 quoque

205 1429 332 1469 notarunt,
356 1417 460 1478 neglecta
472 1419 515 1462 hac
528 1421 622 1467 vitiosa.
649 1422 735 1464 Wetst.
753 1421 816 1463 buno
834 1421 938 1463 codicem

206 1490 328 1546 descripsit
349 1488 458 1541 brevius3
479 1493 570 1550 plenius
594 1495 759 1537 Reimmannus
781 1495 808 1536 in
825 1491 938 1538 biblioth.

206 1572 328 1609 acroamat.
342 1564 365 1608 P.
378 1566 398 1608 I.
412 1580 464 1624 pag.
480 1570 525 1617 188.
540 1583 573 1624 sq.
583 1556 611 1610 et
623 1565 738 1625 prolixius
746 1567 773 1610 de
782 1566 938 1609 Montfaucon

204 1641 233 1684 in
255 1638 415 1698 palaeograpb.
435 1654 468 1698 gr.
491 1640 533 1684 lib.
546 1644 587 1685 III.
610 1657 661 1700 pag.
677 1647 800 1699 190-194.
824 1652 847 1682 et
867 1641 937 1683 Blan-

205 1714 288 1756 chinus
306 1715 333 1755 in
350 1714 496 1772 Evangeliar.
516 1714 638 1773 quadrupl.
656 1718 681 1757 Ρ,
695 1717 713 1756 I.
728 1715 824 1758 Vol.11.
838 1728 889 1770 pag.
902 1717 939 1756 DI

205 1802 238 1842 sq.
263 1785 383 1841 Specimen
407 1787 457 1841 ejus
481 1786 546 1829 dedit
568 1787 596 1830 de
615 1786 767 1828 Montfauoon
788 1800 839 1843 pag.
854 1794 893 1843 194
916 1799 939 1829 et

204 1858 328 1902 Blanohin.
343 1857 421 1900 tabula
433 1861 457 1899 II
469 1871 523 1916 post
535 1874 587 1918 pag.
602 1860 719 1902 CDXCII.
747 1858 902 1902 Trescliovius
911 1862 939 1902 in

151 1970 155 1973 .
204 1931 330 1974 tentamine
345 1931 509 1990 descriptionis
524 1931 631 1974 codicum
644 1943 750 1973 veterum
767 1930 858 1988 aliquot
876 1946 938 1988 grae-

205 2023 287 2054 corum
301 2005 367 2052 Novi
380 2006 490 2052 Foederis
504 2012 628 2051 Msstorum
646 2022 694 2049 non
713 2004 790 2049 solum
809 2006 873 2050 dedit
887 2008 938 2065 ejus

206 2084 394 2140 descriptionem,
405 2083 443 2127 sed
452 2084 509 2126 haec
519 2083 564 2126 duo
575 2083 702 2143 fragmenta
712 2084 780 2126 etiam
791 2084 875 2132 edidit;
887 2100 937 2144 pag.

207 2167 335 2213 125—1973
351 2169 374 2198 at
382 2173 424 2199 suo
434 2172 500 2200 more
509 2173 558 2211 non
568 2158 621 2198 satis
629 2152 742 2200 accurate.
755 2157 829 2208 Alter,
844 2158 886 2213 qui
895 2158 938 2199 ho-

205 2248 258 2276 rum
268 2232 450 2289 fragmentorum
464 2230 575 2274 lectiones
589 2233 703 2275 variantes
718 2246 805 2285 omnes,
820 2230 937 2275 abbrevia-

205 2305 311 2350 tionibus
326 2318 349 2348 et
361 2307 428 2350 vitiis
443 2322 492 2349 non
506 2306 621 2363 exceptis,
636 2322 725 2349 summa
739 2322 801 2357 eura,
815 2321 881 2347 more
895 2322 937 2349 suo

203 2379 329 2432 laudabili,
344 2380 370 2421 in
383 2381 415 2423 N.
431 2382 458 2423 T.
472 2379 526 2427 Vol.
540 2384 559 2423 I.
573 2394 624 2438 pag.
638 2393 766 2437 999—1001
781 2379 866 2432 edidit,
882 2380 938 2421 Tre-

204 2455 328 2498 schovium
342 2453 379 2496 liis
393 2453 498 2498 versibus
516 2455 595 2512 paucis
609 2454 684 2495 tribus
697 2452 756 2496 locis
770 2458 842 2495 erasse
856 2453 924 2496 docet
929 2484 938 2506 ,

204 2543 230 2570 v.
245 2538 271 2580 15
292 2542 347 2568 eum
365 2543 414 2570 non
432 2538 494 2570 recte
512 2525 609 2584 legisse,
631 2541 656 2570 v.
669 2534 705 2581 41.
718 2535 750 2583 44.
765 2526 876 2587 lectiones
889 2543 939 2569 non

204 2612 307 2644 accurate
324 2612 423 2644 notasse.
455 2599 497 2643 Vel
516 2615 544 2642 ex
561 2600 608 2642 hoo
627 2598 712 2641 discere
725 2613 821 2657 possunt
835 2602 938 2653 tirones,

204 2690 249 2731 qua
274 2674 401 2725 cautione,
429 2674 654 2730 circumspectione,
676 2673 801 2731 vigilantia
826 2689 884 2731 opus
909 2677 940 2717 sit

204 2748 309 2790 materias
324 2747 414 2789 criticas
429 2746 544 2790 tractanti.

233 2849 292 2888 Sunt
309 2859 399 2904 praeter
420 2847 509 2888 codices
523 2844 715 2892 vindobonenses
731 2848 808 2890 decem
822 2846 911 2902 saepius
926 2863 939 2889 a

206 2914 243 2962 me
257 2932 348 2962 notatos
364 2932 386 2962 et
398 2919 461 2962 bunc
475 2919 558 2962 Lamb,
572 2932 592 2962 2·
607 2919 681 2962 adhuc
694 2920 738 2963 alii
756 2933 801 2962 tres
820 2917 938 2966 Vindobb.

206 2992 456 3055 quorummentionem
465 2992 538 3037 facere
546 2994 616 3053 potui
625 2993 805 3037 rariusPrimus
816 2992 938 3037 esthmb.

206 3087 272 3115 num.
288 3083 319 3128 ¹5·
332 3070 456 3133 Evangelii
465 3070 574 3116 Matthaei
583 3071 666 3133 cupitis
675 3081 703 3129 27
711 3082 798 3132 partem
807 3070 921 3130 majorem
927 3100 937 3124 ,

617 3149 619 3152 ’
860 3146 936 3192 Evau-
